@preamble{ "\newcommand{\noopsort}[1]{} "
	# "\newcommand{\printfirst}[2]{#1} "
	# "\newcommand{\singleletter}[1]{#1} "
	# "\newcommand{\switchargs}[2]{#2#1} " }

@techreport{Palioudakis2012,
    title = 	{Nondeterministic State Complexity and Quantifying Non-Determinism in Finite Automata},
    author =	{Alexandros Palioudakis},
    year={October 2012},
    institution = {School of Computing, Queen’s University, Kingston, ON, Canada},
    number = {Technical Report 2012-596}
}

@article{GlaisterShalit1996,
    title = 	{A lower bound technique for the size of nondeterministic finite automata},
    author =	{Ian Glaister and Jefrrey Shallit},
    journal = {Information Processing Letters},
    number = {59},
    year = {1996},
    pages = {75-77},
}

@techreport{GruberHolzer2006,
    title = 	{Finding Lower Bounds for Nondeterministic State Complexity is Hard},
    author =	{Hermann Gruber and Markus Holzer},
    year={2006},
    institution = {Institut fur Informatik, Technische Universitat Munchen, Boltzmannstraße 3, D-85748 Garching bei Munchen, Germany}
}

@Inbook{Gazi,
	author= "Ga{\v{z}}i, Peter and Rovan, Branislav",
	editor="Geffert, Viliam and Karhum{\"a}ki, Juhani and Bertoni, Alberto and Preneel, Bart and N{\'a}vrat, Pavol and Bielikov{\'a}, M{\'a}ria",
	title="Assisted Problem Solving and Decompositions of Finite Automata",
	bookTitle="SOFSEM 2008: Theory and Practice of Computer Science: 34th Conference on Current Trends in Theory and Practice of Computer Science, Nov{\'y} Smokovec, Slovakia, January 19-25, 2008. Proceedings",
	year="2008",
	publisher="Springer Berlin Heidelberg",
	address="Berlin, Heidelberg",
	pages="292-303",
	isbn="978-3-540-77566-9"
}

@Inbook{Labath,
	author= {Pavel Labath and Branislav Rovan},
	editor= {Adrian-Horia Dediu and Shunsuke Inenaga and Carlos Mart{\'i}n-Vide},
	title= {Simplifying DPDA Using Supplementary Information},
	bookTitle={Language and Automata Theory and Applications: 5th International Conference, LATA 2011, Tarragona, Spain, May 26-31, 2011. Proceedings},
	year= {2011},
	publisher= {Springer Berlin Heidelberg},
	address= {Berlin, Heidelberg},
	pages= {342-353},
	isbn= {978-3-642-21254-3},
}

@article{McCullochPitts,
    title = 	{A logical calculus of the ideas immanent in nervous activity},
    author =	{Warren S. McCulloch and Walter Pitts},
    journal = {Bulletin of Mathematical Biophysics},
    number = {5},
    year = {1943},
    pages = {115-133}
}
