@preamble{ "\newcommand{\noopsort}[1]{} "
	# "\newcommand{\printfirst}[2]{#1} "
	# "\newcommand{\singleletter}[1]{#1} "
	# "\newcommand{\switchargs}[2]{#2#1} " }

@techreport{Palioudakis2012,
    title = 	{Nondeterministic State Complexity and Quantifying Non-Determinism in Finite Automata},
    author =	{Alexandros Palioudakis},
    year={October 2012},
    institution = {School of Computing, Queen’s University, Kingston, ON, Canada},
    number = {Technical Report 2012-596}
}

@article{GlaisterShalit1996,
    title = 	{A lower bound technique for the size of nondeterministic finite automata},
    author =	{Ian Glaister and Jefrrey Shallit},
    journal = {Information Processing Letters},
    number = {59},
    year = {1996},
    pages = {75-77},
}

@techreport{GruberHolzer2006,
    title = 	{Finding Lower Bounds for Nondeterministic State Complexity is Hard},
    author =	{Hermann Gruber and Markus Holzer},
    year={2006},
    institution = {Institut fur Informatik, Technische Universitat Munchen, Boltzmannstraße 3, D-85748 Garching bei Munchen, Germany}
}

@Book{Gazi,
  author = 	 {Peter Gaži},
  title = 	 {Parallel decompositions of finite automata},
  year = 	 {2006},
  note = {Diplomová práca pod vedením prof. Branislava Rovana}
}

@Book{Labath,
  author = 	 {Pavel Labath},
  title = 	 {Zjednodušenie výpočtov prídavnou informáciou},
  year = 	 {2010},
  note = {Diplomová práca pod vedením prof. Branislava Rovana}
}